@article{Ising1925,
    title = {Beitrag zur Theorie des Ferromagnetismus},
    author = {Ising, Ernst},
    journal = {Zeitschrift fur Physik},
    volume = {31},
    number = {1},
    pages = {253--258},
    year = {1925},
}

@article{Onsager1944,
    title = {Crystal Statistics. I. A Two-Dimensional Model with an
             Order-Disorder Transition},
    author = {Onsager, Lars},
    journal = {Phys. Rev.},
    volume = {65},
    issue = {3-4},
    pages = {117--149},
    numpages = {0},
    year = {1944},
    month = {Feb},
    publisher = {American Physical Society},
    doi = {10.1103/PhysRev.65.117},
    url = {https://link.aps.org/doi/10.1103/PhysRev.65.117},
}

@article{ErdosRenyi,
    added-at = {2010-05-05T00:38:27.000+0200},
    author = {Erd\"{o}s, P. and R\'{e}nyi, A.},
    biburl = {
              https://www.bibsonomy.org/bibtex/25aab47a7be9ec47644735f8e0a4607b6/alex
              },
    interhash = {99061fc859ba540d4485abfbce44f298},
    intrahash = {5aab47a7be9ec47644735f8e0a4607b6},
    journal = {Publicationes Mathematicae Debrecen},
    keywords = {graph sna},
    pages = 290,
    timestamp = {2010-05-05T00:38:27.000+0200},
    title = {On Random Graphs I},
    volume = 6,
    year = 1959,
}

@book{Exactly,
    author = "Baxter, R. J.",
    title = "{Exactly solved models in statistical mechanics}",
    doi = "10.1142/9789814415255_0002",
    isbn = "978-0-486-46271-4",
    year = "1982",
}

@inproceedings{Utermohlen2018MeanFT,
  title={Mean Field Theory Solution of the Ising Model},
  author={Franz G. Utermohlen},
  year={2018},
  url={https://api.semanticscholar.org/CorpusID:215538757}
}

@article{IsingArbitrary,
  title = {Ising model on networks with an arbitrary distribution of connections},
  author = {Dorogovtsev, S. N. and Goltsev, A. V. and Mendes, J. F. F.},
  journal = {Phys. Rev. E},
  volume = {66},
  issue = {1},
  pages = {016104},
  numpages = {5},
  year = {2002},
  month = {Jul},
  publisher = {American Physical Society},
  doi = {10.1103/PhysRevE.66.016104},
  url = {https://link.aps.org/doi/10.1103/PhysRevE.66.016104}
}

@article{smallworld,
  title = {Ising model on a small world network},
  author = {P\ifmmode \mbox{\c{e}}\else \c{e}\fi{}kalski, Andrzej},
  journal = {Phys. Rev. E},
  volume = {64},
  issue = {5},
  pages = {057104},
  numpages = {4},
  year = {2001},
  month = {Oct},
  publisher = {American Physical Society},
  doi = {10.1103/PhysRevE.64.057104},
  url = {https://link.aps.org/doi/10.1103/PhysRevE.64.057104}
}

@article{aleksiejuk2002ferromagnetic,
  title={Ferromagnetic phase transition in Barab{\'a}si--Albert networks},
  author={Aleksiejuk, Agata and Ho{\l}yst, Janusz A and Stauffer, Dietrich},
  journal={Physica A: Statistical Mechanics and its Applications},
  volume={310},
  number={1-2},
  pages={260--266},
  year={2002},
  publisher={Elsevier}
}

@article{bianconi2002mean,
  title={Mean field solution of the Ising model on a Barab{\'a}si--Albert network},
  author={Bianconi, Ginestra},
  journal={Physics Letters A},
  volume={303},
  number={2-3},
  pages={166--168},
  year={2002},
  publisher={Elsevier}
}

@article{krishnan2020long,
  title={A Long-Range Ising Model of a Barab$\backslash$'asi-Albert Network},
  author={Krishnan, Jeyashree and Torabi, Reza and Di Napoli, Edoardo and Honerkamp, Carsten and Schuppert, Andreas},
  journal={arXiv preprint arXiv:2005.05045},
  year={2020}
}
